@ARTICLE{EST2013,
       author = {{Collados}, M. and {Bettonvil}, F. and {Cavaller}, L. and {Ermolli}, I. and {Gelly}, B. and {P{\'e}rez}, A. and {Socas-Navarro}, H. and {Soltau}, D. and {Volkmer}, R. and {EST Team}},
        title = "{The European Solar Telescope}",
      journal = {Memorie della Societa Astronomica Italiana},
     keywords = {Sun: telescopes, Sun: instrumentation, Sun: polarization, Sun: adaptive
        optics},
         year = 2013,
        month = Jan,
       volume = {84},
        pages = {379},
       adsurl = {https://ui.adsabs.harvard.edu/#abs/2013MmSAI..84..379C},
      adsnote = {Provided by the SAO/NASA Astrophysics Data System}
}

@ARTICLE{Tiwari2013,
   author = {{Tiwari}, S.~K. and {van Noort}, M. and {Lagg}, A. and {Solanki}, S.~K.
	},
    title = "{Structure of sunspot penumbral filaments: a remarkable uniformity of properties}",
  journal = {\aap},
archivePrefix = "arXiv",
   eprint = {1307.3668},
 primaryClass = "astro-ph.SR",
 keywords = {Sun: photosphere, sunspots, Sun: surface magnetism},
     year = 2013,
    month = sep,
   volume = 557,
      eid = {A25},
    pages = {A25},
      doi = {10.1051/0004-6361/201321391},
   adsurl = {http://adsabs.harvard.edu/abs/2013A%26A...557A..25T},
  adsnote = {Provided by the SAO/NASA Astrophysics Data System}
}


@ARTICLE{Harker2012,
       author = {{Harker}, Brian J. and {Mighell}, Kenneth J.},
        title = "{A GPU-computing Approach to Solar Stokes Profile Inversion}",
      journal = {\apj},
     keywords = {line: profiles, magnetic fields, methods: data analysis, polarization, radiative transfer, Sun: photosphere, Astrophysics - Solar and Stellar Astrophysics},
         year = "2012",
        month = "Sep",
       volume = {757},
          eid = {8},
        pages = {8},
          doi = {10.1088/0004-637X/757/1/8},
archivePrefix = {arXiv},
       eprint = {1208.0302},
 primaryClass = {astro-ph.SR},
       adsurl = {https://ui.adsabs.harvard.edu/\#abs/2012ApJ...757....8H},
      adsnote = {Provided by the SAO/NASA Astrophysics Data System}
}



@article{HSRA1971,
	adsnote = {Provided by the SAO/NASA Astrophysics Data System},
	adsurl = {http://adsabs.harvard.edu/abs/1971SoPh...18..347G},
	author = {{Gingerich}, O. and {Noyes}, R.~W. and {Kalkofen}, W. and {Cuny}, Y.},
	doi = {10.1007/BF00149057},
	journal = {\solphys},
	month = jul,
	pages = {347â€“365},
	title = {{The Harvard-Smithsonian reference atmosphere}},
	volume = 18,
	year = 1971
}

@ARTICLE{Cheung2018_flare,
       author = {{Cheung}, M.~C.~M. and {Rempel}, M. and {Chintzoglou}, G. and {Chen}, F.
        and {Testa}, P. and {Mart{\'\i}nez-Sykora}, J. and {Sainz
        Dalda}, A. and {DeRosa}, M.~L. and {Malanushenko}, A. and
        {Hansteen}, V. and {De Pontieu}, B. and {Carlsson}, M. and
        {Gudiksen}, B. and {McIntosh}, S.~W.},
        title = "{A comprehensive three-dimensional radiative magnetohydrodynamic simulation of a solar flare}",
      journal = {Nature Astronomy},
         year = 2018,
        month = Nov,
        pages = {173},
          doi = {10.1038/s41550-018-0629-3},
       adsurl = {https://ui.adsabs.harvard.edu/\#abs/2018NatAs.tmp..173C},
      adsnote = {Provided by the SAO/NASA Astrophysics Data System}
}

@ARTICLE{ELU2015,
       author = {{Clevert}, Djork-Arn{\'e} and {Unterthiner}, Thomas and {Hochreiter},
        Sepp},
        title = "{Fast and Accurate Deep Network Learning by Exponential Linear Units
        (ELUs)}",
      journal = {arXiv e-prints},
     keywords = {Computer Science - Machine Learning},
         year = 2015,
        month = Nov,
          eid = {arXiv:1511.07289},
        pages = {arXiv:1511.07289},
archivePrefix = {arXiv},
       eprint = {1511.07289},
 primaryClass = {cs.LG},
       adsurl = {https://ui.adsabs.harvard.edu/#abs/2015arXiv151107289C},
      adsnote = {Provided by the SAO/NASA Astrophysics Data System}
}

@ARTICLE{Jaime2018_Stic,
       author = {{de la Cruz Rodr{\'\i}guez}, J. and {Leenaarts}, J. and {Danilovic}, S.
        and {Uitenbroek}, H.},
        title = "{STiC -- A multi-atom non-LTE PRD inversion code for full-Stokes solar observations}",
      journal = {arXiv e-prints},
     keywords = {Astrophysics - Solar and Stellar Astrophysics, Astrophysics - Instrumentation and Methods for Astrophysics},
         year = 2018,
        month = Oct,
          eid = {arXiv:1810.08441},
        pages = {arXiv:1810.08441},
archivePrefix = {arXiv},
       eprint = {1810.08441},
 primaryClass = {astro-ph.SR},
       adsurl = {https://ui.adsabs.harvard.edu/\#abs/2018arXiv181008441R},
      adsnote = {Provided by the SAO/NASA Astrophysics Data System}
}


@ARTICLE{Carroll2008,
       author = {{Carroll}, T.~A. and {Kopf}, M.},
        title = "{Zeeman-tomography of the solar photosphere. Three-dimensional surface structures retrieved from Hinode observations}",
      journal = {\aap},
     keywords = {radiative transfer, polarization, line: formation, line: profiles, Sun: photosphere, Sun: magnetic fields, Astrophysics},
         year = 2008,
        month = Apr,
       volume = {481},
        pages = {L37-L40},
          doi = {10.1051/0004-6361:20079197},
archivePrefix = {arXiv},
       eprint = {0803.1048},
 primaryClass = {astro-ph},
       adsurl = {https://ui.adsabs.harvard.edu/\#abs/2008A&A...481L..37C},
      adsnote = {Provided by the SAO/NASA Astrophysics Data System}
}

@ARTICLE{Carroll2001,
   author = {{Carroll}, T.~A. and {Staude}, J.},
    title = "{The inversion of Stokes profiles with artificial neural networks}",
  journal = {\aap},
 keywords = {LINE: FORMATION, LINE: PROFILES, SUN: PHOTOSPHERE, SUN: MAGNETIC FIELDS, METHOD: DATA ANALYSIS},
     year = 2001,
    month = oct,
   volume = 378,
    pages = {316-326},
      doi = {10.1051/0004-6361:20011167},
   adsurl = {http://adsabs.harvard.edu/abs/2001A%26A...378..316C},
  adsnote = {Provided by the SAO/NASA Astrophysics Data System}
}

@ARTICLE{Dong2015,
   author = {{Dong}, C. and {Change Loy}, C. and {He}, K. and {Tang}, X.},
    title = "{Image Super-Resolution Using Deep Convolutional Networks}",
  journal = {ArXiv e-prints},
archivePrefix = "arXiv",
   eprint = {1501.00092},
 primaryClass = "cs.CV",
 keywords = {Computer Science - Computer Vision and Pattern Recognition, Computer Science - Neural and Evolutionary Computing, I.4.5, I.2.6},
     year = 2015,
    month = dec,
   adsurl = {http://adsabs.harvard.edu/abs/2015arXiv150100092D},
  adsnote = {Provided by the SAO/NASA Astrophysics Data System}
}

@book{B96,
        author = {C. M. Bishop},
        title = {Neural networks for pattern recognition},
        year = {1996},
        isbn = {0-19-853849-9},
        publisher = {Oxford University Press},
        }

@ARTICLE{Dong2016,
   author = {{Dong}, C. and {Change Loy}, C. and {Tang}, X.},
    title = "{Accelerating the Super-Resolution Convolutional Neural Network}",
  journal = {ArXiv e-prints},
archivePrefix = "arXiv",
   eprint = {1608.00367},
 primaryClass = "cs.CV",
 keywords = {Computer Science - Computer Vision and Pattern Recognition},
     year = 2016,
    month = aug,
   adsurl = {http://adsabs.harvard.edu/abs/2016arXiv160800367D},
  adsnote = {Provided by the SAO/NASA Astrophysics Data System}
}

@article{Borman1998,
abstract = {Growing interest in super-resolution (SR) restoration of video sequences$\backslash$nand the closely related problem of construction of SR still images$\backslash$nfrom image sequences has led to the emergence of several competing$\backslash$nmethodologies. We review the state of the art of SR techniques using$\backslash$na taxonomy of existing techniques. We critique these methods and$\backslash$nidentify areas which promise performance improvements},
author = {Borman, Sean and Stevenson, Robert L},
doi = {0-8186-8914-5},
file = {:scratch/carlos/MENDELEY/Descargas/Borman, Stevenson - Unknown - Super-Resolution from Image Sequences -A Review.pdf:pdf},
isbn = {0-8186-8914-5},
journal = {Midwest Symposium on Circuits and Systems},
mendeley-groups = {DEEPLEARNING},
pages = {374--378},
title = {{Super-Resolution from Image Sequences - A Review}},
url = {http://www.seanborman.com/publications/mwscas98.pdf},
year = {1998}
}

@ARTICLE{Zhao2017,
   author = {{Zhao}, Y. and {Wang}, R. and {Dong}, W. and {Jia}, W. and {Yang}, J. and 
	{Liu}, X. and {Gao}, W.},
    title = "{GUN: Gradual Upsampling Network for single image super-resolution}",
  journal = {ArXiv e-prints},
archivePrefix = "arXiv",
   eprint = {1703.04244},
 primaryClass = "cs.CV",
 keywords = {Computer Science - Computer Vision and Pattern Recognition},
     year = 2017,
    month = mar,
   adsurl = {http://adsabs.harvard.edu/abs/2017arXiv170304244Z},
  adsnote = {Provided by the SAO/NASA Astrophysics Data System}
}


@ARTICLE{Shi2016,
   author = {{Shi}, W. and {Caballero}, J. and {Husz{\'a}r}, F. and {Totz}, J. and 
	{Aitken}, A.~P. and {Bishop}, R. and {Rueckert}, D. and {Wang}, Z.
	},
    title = "{Real-Time Single Image and Video Super-Resolution Using an Efficient Sub-Pixel Convolutional Neural Network}",
  journal = {ArXiv e-prints},
archivePrefix = "arXiv",
   eprint = {1609.05158},
 primaryClass = "cs.CV",
 keywords = {Computer Science - Computer Vision and Pattern Recognition, Statistics - Machine Learning},
     year = 2016,
    month = sep,
   adsurl = {http://adsabs.harvard.edu/abs/2016arXiv160905158S},
  adsnote = {Provided by the SAO/NASA Astrophysics Data System}
}

@ARTICLE{Mao2016,
   author = {{Mao}, X.-J. and {Shen}, C. and {Yang}, Y.-B.},
    title = "{Image Restoration Using Very Deep Convolutional Encoder-Decoder Networks with Symmetric Skip Connections}",
  journal = {ArXiv e-prints},
archivePrefix = "arXiv",
   eprint = {1603.09056},
 primaryClass = "cs.CV",
 keywords = {Computer Science - Computer Vision and Pattern Recognition},
     year = 2016,
    month = mar,
   adsurl = {http://adsabs.harvard.edu/abs/2016arXiv160309056M},
  adsnote = {Provided by the SAO/NASA Astrophysics Data System}
}


@ARTICLE{Ledig2016,
   author = {{Ledig}, C. and {Theis}, L. and {Huszar}, F. and {Caballero}, J. and 
	{Cunningham}, A. and {Acosta}, A. and {Aitken}, A. and {Tejani}, A. and 
	{Totz}, J. and {Wang}, Z. and {Shi}, W.},
    title = "{Photo-Realistic Single Image Super-Resolution Using a Generative Adversarial Network}",
  journal = {ArXiv e-prints},
archivePrefix = "arXiv",
   eprint = {1609.04802},
 primaryClass = "cs.CV",
 keywords = {Computer Science - Computer Vision and Pattern Recognition, Statistics - Machine Learning},
     year = 2016,
    month = sep,
   adsurl = {http://adsabs.harvard.edu/abs/2016arXiv160904802L},
  adsnote = {Provided by the SAO/NASA Astrophysics Data System}
}

@ARTICLE{Asensio2015,
   author = {{Asensio Ramos}, A. and {de la Cruz Rodr{\'{\i}}guez}, J.},
    title = "{Sparse inversion of Stokes profiles. I. Two-dimensional Milne-Eddington inversions}",
  journal = {\aap},
archivePrefix = "arXiv",
   eprint = {1503.07666},
 primaryClass = "astro-ph.SR",
 keywords = {Sun: magnetic fields, Sun: atmosphere, line: profiles, methods: data analysis},
     year = 2015,
    month = may,
   volume = 577,
      eid = {A140},
    pages = {A140},
      doi = {10.1051/0004-6361/201425508},
   adsurl = {http://adsabs.harvard.edu/abs/2015A%26A...577A.140A},
  adsnote = {Provided by the SAO/NASA Astrophysics Data System}
}


@ARTICLE{Asensio2017,
   author = {{Asensio Ramos}, A. and {Requerey}, I.~S. and {Vitas}, N.},
    title = "{DeepVel: Deep learning for the estimation of horizontal velocities at the solar surface}",
  journal = {\aap},
archivePrefix = "arXiv",
   eprint = {1703.05128},
 primaryClass = "astro-ph.SR",
 keywords = {Sun: granulation, Sun: photosphere, methods: observational, methods: data analysis},
     year = 2017,
    month = jul,
   volume = 604,
      eid = {A11},
    pages = {A11},
      doi = {10.1051/0004-6361/201730783},
   adsurl = {http://adsabs.harvard.edu/abs/2017A%26A...604A..11A},
  adsnote = {Provided by the SAO/NASA Astrophysics Data System}
}



@ARTICLE{Cheung2010,
   author = {{Cheung}, M.~C.~M. and {Rempel}, M. and {Title}, A.~M. and {Sch{\"u}ssler}, M.
	},
    title = "{Simulation of the Formation of a Solar Active Region}",
  journal = {\apj},
archivePrefix = "arXiv",
   eprint = {1006.4117},
 primaryClass = "astro-ph.SR",
 keywords = {convection, magnetohydrodynamics: MHD, radiative transfer, Sun: atmosphere, Sun: photosphere, Sun: surface magnetism, sunspots},
     year = 2010,
    month = sep,
   volume = 720,
    pages = {233-244},
      doi = {10.1088/0004-637X/720/1/233},
   adsurl = {http://adsabs.harvard.edu/abs/2010ApJ...720..233C},
  adsnote = {Provided by the SAO/NASA Astrophysics Data System}
}

@ARTICLE{Quintero2015,
   author = {{Quintero Noda}, C. and {Asensio Ramos}, A. and {Orozco Su{\'a}rez}, D. and 
	{Ruiz Cobo}, B.},
    title = "{Spatial deconvolution of spectropolarimetric data: an application to quiet Sun magnetic elements}",
  journal = {\aap},
archivePrefix = "arXiv",
   eprint = {1505.03219},
 primaryClass = "astro-ph.SR",
 keywords = {methods: statistical, methods: data analysis, techniques: polarimetric, techniques: spectroscopic, Sun: photosphere, Sun: magnetic fields},
     year = 2015,
    month = jul,
   volume = 579,
      eid = {A3},
    pages = {A3},
      doi = {10.1051/0004-6361/201425414},
   adsurl = {http://adsabs.harvard.edu/abs/2015A%26A...579A...3Q},
  adsnote = {Provided by the SAO/NASA Astrophysics Data System}
}



@ARTICLE{richardson72,
   author = {{Richardson}, W.~H.},
    title = "{Bayesian-Based Iterative Method of Image Restoration}",
  journal = {Journal of the Optical Society of America (1917-1983)},
     year = 1972,
    month = jan,
   volume = 62,
    pages = {55},
   adsurl = {http://adsabs.harvard.edu/abs/1972JOSA...62...55R},
  adsnote = {Provided by the SAO/NASA Astrophysics Data System}
}


@ARTICLE{ruizcobo_asensioramos13,
   author = {{Ruiz Cobo}, B. and {Asensio Ramos}, A.},
    title = "{Returning magnetic flux in sunspot penumbrae}",
  journal = {\aap},
archivePrefix = "arXiv",
   eprint = {1211.6335},
 primaryClass = "astro-ph.SR",
 keywords = {methods: observational, methods: numerical, Sun: magnetic topology, sunspots, techniques: polarimetric},
     year = 2013,
    month = jan,
   volume = 549,
      eid = {L4},
    pages = {L4},
      doi = {10.1051/0004-6361/201220373},
   adsurl = {http://adsabs.harvard.edu/abs/2013A%26A...549L...4R},
  adsnote = {Provided by the SAO/NASA Astrophysics Data System}
}


@article{Scherrer2012,
	Author = {Scherrer, P. H. and Schou, J. and Bush, R. I. and Kosovichev, A. G. and Bogart, R. S. and Hoeksema, J. T. and Liu, Y. and Duvall, T. L. and Zhao, J. and Title, A. M. and Schrijver, C. J. and Tarbell, T. D. and Tomczyk, S.},
	Doi = {10.1007/s11207-011-9834-2},
	Issn = {1573-093X},
	Journal = {Solar Physics},
	Number = {1},
	Pages = {207--227},
	Title = {The Helioseismic and Magnetic Imager (HMI) Investigation for the Solar Dynamics Observatory (SDO)},
	Url = {http://dx.doi.org/10.1007/s11207-011-9834-2},
	Volume = {275},
	Year = {2012},
	Bdsk-Url-1 = {http://dx.doi.org/10.1007/s11207-011-9834-2}
}



@ARTICLE{sdo2012,
   author = {{Pesnell}, W.~D. and {Thompson}, B.~J. and {Chamberlin}, P.~C.},
    title = "{The Solar Dynamics Observatory (SDO)}",
  journal = {\solphys},
 keywords = {SDO, Solar cycle, Helioseismology, Coronal, Space weather},
     year = 2012,
    month = jan,
   volume = 275,
    pages = {3-15},
      doi = {10.1007/s11207-011-9841-3},
   adsurl = {http://adsabs.harvard.edu/abs/2012SoPh..275....3P},
  adsnote = {Provided by the SAO/NASA Astrophysics Data System}
}

@inproceedings{residual_network16b,
  author    = {Kaiming He and
               Xiangyu Zhang and
               Shaoqing Ren and
               Jian Sun},
  title     = {Deep Residual Learning for Image Recognition},
  booktitle = {2016 {IEEE} Conference on Computer Vision and Pattern Recognition,
               {CVPR} 2016, Las Vegas, NV, USA, June 27-30, 2016},
  pages     = {770--778},
  year      = {2016},
  url       = {http://dx.doi.org/10.1109/CVPR.2016.90},
  doi       = {10.1109/CVPR.2016.90},
  timestamp = {Tue, 20 Dec 2016 13:36:12 +0100},
  biburl    = {http://dblp.uni-trier.de/rec/bib/conf/cvpr/HeZRS16},
  bibsource = {dblp computer science bibliography, http://dblp.org}
}

@ARTICLE{residual_network16,
   author = {{He}, K. and {Zhang}, X. and {Ren}, S. and {Sun}, J.},
    title = "{Deep Residual Learning for Image Recognition}",
  journal = {ArXiv e-prints},
archivePrefix = "arXiv",
   eprint = {1512.03385},
 primaryClass = "cs.CV",
 keywords = {Computer Science - Computer Vision and Pattern Recognition},
     year = 2015,
    month = dec,
   adsurl = {http://adsabs.harvard.edu/abs/2015arXiv151203385H},
  adsnote = {Provided by the SAO/NASA Astrophysics Data System}
}


@ARTICLE{adam14,
   author = {{Kingma}, D.~P. and {Ba}, J.},
    title = "{Adam: A Method for Stochastic Optimization}",
  journal = {ArXiv e-prints},
archivePrefix = "arXiv",
   eprint = {1412.6980},
 primaryClass = "cs.LG",
 keywords = {Computer Science - Learning},
     year = 2014,
    month = dec,
   adsurl = {http://adsabs.harvard.edu/abs/2014arXiv1412.6980K},
  adsnote = {Provided by the SAO/NASA Astrophysics Data System}
}

@inproceedings{relu10,
  author    = {Vinod Nair and
               Geoffrey E. Hinton},
  title     = {Rectified Linear Units Improve Restricted Boltzmann Machines},
  booktitle = {Proceedings of the 27th International Conference on Machine Learning
               (ICML-10), June 21-24, 2010, Haifa, Israel},
  pages     = {807--814},
  year      = {2010},
  url       = {http://www.icml2010.org/papers/432.pdf},
  timestamp = {Fri, 12 Jun 2015 19:15:11 +0200},
  biburl    = {http://dblp.uni-trier.de/rec/bib/conf/icml/NairH10},
  bibsource = {dblp computer science bibliography, http://dblp.org}
}

@inproceedings{batch_normalization15,
   Publisher = {JMLR Workshop and Conference Proceedings},
   title="Batch Normalization: Accelerating Deep Network Training by Reducing Internal Covariate Shift",
   Author={Ioffe, Sergey and Szegedy, Christian},
   year="2015",
   Booktitle="Proceedings of the 32nd International Conference on Machine Learning (ICML-15)",
   Editor={David Blei and Francis Bach},
   pages="448-456",
   url="http://jmlr.org/proceedings/papers/v37/ioffe15.pdf"
}



@ARTICLE{vogler05,
   author = {{V{\"o}gler}, A. and {Shelyag}, S. and {Sch{\"u}ssler}, M. and 
	{Cattaneo}, F. and {Emonet}, T. and {Linde}, T.},
    title = "{Simulations of magneto-convection in the solar photosphere.  Equations, methods, and results of the MURaM code}",
  journal = {\aap},
 keywords = {magnetohydrodynamics (MHD), Sun: magnetic fields, Sun: photosphere, Sun: granulation, Sun: faculae, plages},
     year = 2005,
    month = jan,
   volume = 429,
    pages = {335-351},
      doi = {10.1051/0004-6361:20041507},
   adsurl = {http://adsabs.harvard.edu/abs/2005A%26A...429..335V},
  adsnote = {Provided by the SAO/NASA Astrophysics Data System}
}


@ARTICLE{tsuneta_hinode08,
   author = {{Tsuneta}, S. and {Ichimoto}, K. and {Katsukawa}, Y. and {Nagata}, S. and 
	{Otsubo}, M. and {Shimizu}, T. and {Suematsu}, Y. and {Nakagiri}, M. and 
	{Noguchi}, M. and {Tarbell}, T. and {Title}, A. and {Shine}, R. and 
	{Rosenberg}, W. and {Hoffmann}, C. and {Jurcevich}, B. and {Kushner}, G. and 
	{Levay}, M. and {Lites}, B. and {Elmore}, D. and {Matsushita}, T. and 
	{Kawaguchi}, N. and {Saito}, H. and {Mikami}, I. and {Hill}, L.~D. and 
	{Owens}, J.~K.},
    title = "{The Solar Optical Telescope for the Hinode Mission: An Overview}",
  journal = {\solphys},
archivePrefix = "arXiv",
   eprint = {0711.1715},
 keywords = {Solar-B, Hinode, Sun: magnetic fields, Sun: photosphere, Sun: chromosphere, Sun: MHD},
     year = 2008,
    month = jun,
   volume = 249,
    pages = {167-196},
      doi = {10.1007/s11207-008-9174-z},
   adsurl = {http://adsabs.harvard.edu/abs/2008SoPh..249..167T},
  adsnote = {Provided by the SAO/NASA Astrophysics Data System}
}

@ARTICLE{ichimoto08,
   author = {{Ichimoto}, K. and {Lites}, B. and {Elmore}, D. and {Suematsu}, Y. and 
	{Tsuneta}, S. and {Katsukawa}, Y. and {Shimizu}, T. and {Shine}, R. and 
	{Tarbell}, T. and {Title}, A. and {Kiyohara}, J. and {Shinoda}, K. and 
	{Card}, G. and {Lecinski}, A. and {Streander}, K. and {Nakagiri}, M. and 
	{Miyashita}, M. and {Noguchi}, M. and {Hoffmann}, C. and {Cruz}, T.
	},
    title = "{Polarization Calibration of the Solar Optical Telescope onboard Hinode}",
  journal = {\solphys},
 keywords = {Polarimeter, Stokes vector, Space telescope, Magnetic field, Optical telescope, Sun},
     year = 2008,
    month = jun,
   volume = 249,
    pages = {233-261},
      doi = {10.1007/s11207-008-9169-9},
   adsurl = {http://adsabs.harvard.edu/abs/2008SoPh..249..233I},
  adsnote = {Provided by the SAO/NASA Astrophysics Data System}
}

@ARTICLE{Danilovic2010,
   author = {{Danilovic}, S. and {Sch{\"u}ssler}, M. and {Solanki}, S.~K.
	},
    title = "{Probing quiet Sun magnetism using MURaM simulations and Hinode/SP results: support for a local dynamo}",
  journal = {\aap},
archivePrefix = "arXiv",
   eprint = {1001.2183},
 primaryClass = "astro-ph.SR",
 keywords = {Sun: granulation, Sun: photosphere},
     year = 2010,
    month = apr,
   volume = 513,
      eid = {A1},
    pages = {A1},
      doi = {10.1051/0004-6361/200913379},
   adsurl = {http://adsabs.harvard.edu/abs/2010A%26A...513A...1D},
  adsnote = {Provided by the SAO/NASA Astrophysics Data System}
}

@ARTICLE{Danilovic2008,
   author = {{Danilovic}, S. and {Gandorfer}, A. and {Lagg}, A. and {Sch{\"u}ssler}, M. and 
	{Solanki}, S.~K. and {V{\"o}gler}, A. and {Katsukawa}, Y. and 
	{Tsuneta}, S.},
    title = "{The intensity contrast of solar granulation: comparing Hinode SP results with MHD simulations}",
  journal = {\aap},
archivePrefix = "arXiv",
   eprint = {0804.4230},
 keywords = {Sun: granulation, Sun: photosphere},
     year = 2008,
    month = jun,
   volume = 484,
    pages = {L17-L20},
      doi = {10.1051/0004-6361:200809857},
   adsurl = {http://adsabs.harvard.edu/abs/2008A%26A...484L..17D},
  adsnote = {Provided by the SAO/NASA Astrophysics Data System}
}

@ARTICLE{Wachter2012,
   author = {{Wachter}, R. and {Schou}, J. and {Rabello-Soares}, M.~C. and 
	{Miles}, J.~W. and {Duvall}, T.~L. and {Bush}, R.~I.},
    title = "{Image Quality of the Helioseismic and Magnetic Imager (HMI) Onboard the Solar Dynamics Observatory (SDO)}",
  journal = {\solphys},
 keywords = {Helioseismology, observations, Instrumental effects, Solar Dynamics Observatory},
     year = 2012,
    month = jan,
   volume = 275,
    pages = {261-284},
      doi = {10.1007/s11207-011-9709-6},
   adsurl = {http://adsabs.harvard.edu/abs/2012SoPh..275..261W},
  adsnote = {Provided by the SAO/NASA Astrophysics Data System}
}

@ARTICLE{stein12_a,
   author = {{Stein}, R.~F.},
    title = "{Solar Surface Magneto-Convection}",
  journal = {Living Reviews in Solar Physics},
 keywords = {pores, magnetic fields, convection, solar physics, flux emergence, sunspots, dynamo},
     year = 2012,
    month = dec,
   volume = 9,
      eid = {4},
    pages = {4},
      doi = {10.12942/lrsp-2012-4},
   adsurl = {http://adsabs.harvard.edu/abs/2012LRSP....9....4S},
  adsnote = {Provided by the SAO/NASA Astrophysics Data System}
}

@ARTICLE{stein12_b,
   author = {{Stein}, R.~F. and {Nordlund}, {\AA}.},
    title = "{On the Formation of Active Regions}",
  journal = {\apjl},
archivePrefix = "arXiv",
   eprint = {1207.4248},
 primaryClass = "astro-ph.SR",
 keywords = {methods: numerical, Sun: activity, Sun: granulation, Sun: surface magnetism},
     year = 2012,
    month = jul,
   volume = 753,
      eid = {L13},
    pages = {L13},
      doi = {10.1088/2041-8205/753/1/L13},
   adsurl = {http://adsabs.harvard.edu/abs/2012ApJ...753L..13S},
  adsnote = {Provided by the SAO/NASA Astrophysics Data System}
}

@INPROCEEDINGS{Tipping03,
    author = {Michael E. Tipping and Christopher M. Bishop},
    title = {Bayesian Image Super-resolution},
    booktitle = {Advances in Neural Information Processing Systems},
    year = {2003},
    pages = {1303--1310},
    publisher = {MIT Press}
}

@ARTICLE{Yeo2014,
   author = {{Yeo}, K.~L. and {Feller}, A. and {Solanki}, S.~K. and {Couvidat}, S. and 
	{Danilovic}, S. and {Krivova}, N.~A.},
    title = "{Point spread function of SDO/HMI and the effects of stray light correction on the apparent properties of solar surface phenomena}",
  journal = {\aap},
archivePrefix = "arXiv",
   eprint = {1310.4972},
 primaryClass = "astro-ph.SR",
 keywords = {instrumentation: miscellaneous, space vehicles: instruments, Sun: faculae, plages, Sun: granulation, Sun: photosphere, sunspots},
     year = 2014,
    month = jan,
   volume = 561,
      eid = {A22},
    pages = {A22},
      doi = {10.1051/0004-6361/201322502},
   adsurl = {http://adsabs.harvard.edu/abs/2014A%26A...561A..22Y},
  adsnote = {Provided by the SAO/NASA Astrophysics Data System}
}

@ARTICLE{Couvidat2016,
   author = {{Couvidat}, S. and {Schou}, J. and {Hoeksema}, J.~T. and {Bogart}, R.~S. and 
	{Bush}, R.~I. and {Duvall}, T.~L. and {Liu}, Y. and {Norton}, A.~A. and 
	{Scherrer}, P.~H.},
    title = "{Observables Processing for the Helioseismic and Magnetic Imager Instrument on the Solar Dynamics Observatory}",
  journal = {\solphys},
archivePrefix = "arXiv",
   eprint = {1606.02368},
 primaryClass = "astro-ph.SR",
 keywords = {HMI, Magnetic fields, photosphere, Velocity fields, photosphere, Helioseismology, Instrumental effects},
     year = 2016,
    month = aug,
   volume = 291,
    pages = {1887-1938},
      doi = {10.1007/s11207-016-0957-3},
   adsurl = {http://adsabs.harvard.edu/abs/2016SoPh..291.1887C},
  adsnote = {Provided by the SAO/NASA Astrophysics Data System}
}

@ARTICLE{Bamba2014,
   author = {{Bamba}, Y. and {Kusano}, K. and {Imada}, S. and {Iida}, Y.},
    title = "{Comparison between Hinode/SOT and SDO/HMI, AIA data for the study of the solar flare trigger process}",
  journal = {\pasj},
archivePrefix = "arXiv",
   eprint = {1407.1887},
 primaryClass = "astro-ph.SR",
 keywords = {Sun: activity, Sun: chromosphere, Sun: flares, Sun: magnetic fields, Sun: photosphere},
     year = 2014,
    month = dec,
   volume = 66,
      eid = {S16},
    pages = {S16},
      doi = {10.1093/pasj/psu091},
   adsurl = {http://adsabs.harvard.edu/abs/2014PASJ...66S..16B},
  adsnote = {Provided by the SAO/NASA Astrophysics Data System}
}

@ARTICLE{Pietarila2013,
   author = {{Pietarila}, A. and {Bertello}, L. and {Harvey}, J.~W. and {Pevtsov}, A.~A.
	},
    title = "{Comparison of Ground-Based and Space-Based Longitudinal Magnetograms}",
  journal = {\solphys},
archivePrefix = "arXiv",
   eprint = {1209.6390},
 primaryClass = "astro-ph.SR",
 keywords = {Magnetograms, Photosphere, Solar magnetic fields},
     year = 2013,
    month = jan,
   volume = 282,
    pages = {91-106},
      doi = {10.1007/s11207-012-0138-y},
   adsurl = {http://adsabs.harvard.edu/abs/2013SoPh..282...91P},
  adsnote = {Provided by the SAO/NASA Astrophysics Data System}
}

@ARTICLE{DeRosa2015,
   author = {{DeRosa}, M.~L. and {Wheatland}, M.~S. and {Leka}, K.~D. and 
	{Barnes}, G. and {Amari}, T. and {Canou}, A. and {Gilchrist}, S.~A. and 
	{Thalmann}, J.~K. and {Valori}, G. and {Wiegelmann}, T. and 
	{Schrijver}, C.~J. and {Malanushenko}, A. and {Sun}, X. and 
	{R{\'e}gnier}, S.},
    title = "{The Influence of Spatial resolution on Nonlinear Force-free Modeling}",
  journal = {\apj},
archivePrefix = "arXiv",
   eprint = {1508.05455},
 primaryClass = "astro-ph.SR",
 keywords = {Sun: corona, Sun: magnetic fields},
     year = 2015,
    month = oct,
   volume = 811,
      eid = {107},
    pages = {107},
      doi = {10.1088/0004-637X/811/2/107},
   adsurl = {http://adsabs.harvard.edu/abs/2015ApJ...811..107D},
  adsnote = {Provided by the SAO/NASA Astrophysics Data System}
}

@ARTICLE{Krivova2004,
   author = {{Krivova}, N.~A. and {Solanki}, S.~K.},
    title = "{Effect of spatial resolution on estimating the Sun's magnetic flux}",
  journal = {\aap},
 keywords = {Sun: activity, Sun: faculae, Sun: magnetic fields, Sun: solar-terrestrial relations, Sun: sunspots},
     year = 2004,
    month = apr,
   volume = 417,
    pages = {1125-1132},
      doi = {10.1051/0004-6361:20040022},
   adsurl = {http://adsabs.harvard.edu/abs/2004A%26A...417.1125K},
  adsnote = {Provided by the SAO/NASA Astrophysics Data System}
}

@ARTICLE{Tadesse2013,
   author = {{Tadesse}, T. and {Wiegelmann}, T. and {Inhester}, B. and {MacNeice}, P. and 
	{Pevtsov}, A. and {Sun}, X.},
    title = "{Full-disk nonlinear force-free field extrapolation of SDO/HMI and SOLIS/VSM magnetograms}",
  journal = {\aap},
archivePrefix = "arXiv",
   eprint = {1210.3668},
 primaryClass = "astro-ph.SR",
 keywords = {magnetic fields, Sun: corona, Sun: atmosphere, methods: numerical},
     year = 2013,
    month = feb,
   volume = 550,
      eid = {A14},
    pages = {A14},
      doi = {10.1051/0004-6361/201220044},
   adsurl = {http://adsabs.harvard.edu/abs/2013A%26A...550A..14T},
  adsnote = {Provided by the SAO/NASA Astrophysics Data System}
}

@ARTICLE{Hayat2017,
   author = {{Hayat}, K.},
    title = "{Super-Resolution via Deep Learning}",
  journal = {ArXiv e-prints},
archivePrefix = "arXiv",
   eprint = {1706.09077},
 primaryClass = "cs.CV",
 keywords = {Computer Science - Computer Vision and Pattern Recognition},
     year = 2017,
    month = jun,
   adsurl = {http://adsabs.harvard.edu/abs/2017arXiv170609077H},
  adsnote = {Provided by the SAO/NASA Astrophysics Data System}
}

@ARTICLE{Linker2017,
   author = {{Linker}, J.~A. and {Caplan}, R.~M. and {Downs}, C. and {Riley}, P and 
	{Mikic}, Z and {Lionello}, R. and {Henney}, C.~J. and {Arge}, C.~N. and 
	{Liu}, Y. and {Derosa}, M.~L. and {Yeates}, A. and {Owens}, M.~J.
	},
    title = "{The Open Flux Problem}",
  journal = {ArXiv e-prints},
archivePrefix = "arXiv",
   eprint = {1708.02342},
 primaryClass = "astro-ph.SR",
 keywords = {Astrophysics - Solar and Stellar Astrophysics},
     year = 2017,
    month = aug,
   adsurl = {http://adsabs.harvard.edu/abs/2017arXiv170802342L},
  adsnote = {Provided by the SAO/NASA Astrophysics Data System}
}



@inproceedings{Xu2014,
 author = {Xu, Li and Ren, Jimmy S. J. and Liu, Ce and Jia, Jiaya},
 title = {Deep Convolutional Neural Network for Image Deconvolution},
 booktitle = {Proceedings of the 27th International Conference on Neural Information Processing Systems},
 series = {NIPS'14},
 year = {2014},
 location = {Montreal, Canada},
 pages = {1790--1798},
 numpages = {9},
 url = {http://dl.acm.org/citation.cfm?id=2968826.2969026},
 acmid = {2969026},
 publisher = {MIT Press},
 address = {Cambridge, MA, USA},
} 

@ARTICLE{Kim2015,
   author = {{Kim}, J. and {Lee}, J.~K. and {Lee}, K.~M.},
    title = "{Deeply-Recursive Convolutional Network for Image Super-Resolution}",
  journal = {ArXiv e-prints},
archivePrefix = "arXiv",
   eprint = {1511.04491},
 primaryClass = "cs.CV",
 keywords = {Computer Science - Computer Vision and Pattern Recognition, Computer Science - Learning},
     year = 2015,
    month = nov,
   adsurl = {http://adsabs.harvard.edu/abs/2015arXiv151104491K},
  adsnote = {Provided by the SAO/NASA Astrophysics Data System}
}

@inproceedings{Ying2017, 
  author = { Ying Tai and Jian Yang and Xiaoming Liu },
  title = { Image Super-Resolution via Deep Recursive Residual Network },
  booktitle = { In Proceeding of IEEE Computer Vision and Pattern Recognition },
  address = { Honolulu, HI },
  month = { July },
  year = { 2017 },
}


@inproceedings{Peyrard15,
  author = {Peyrard, ClÃ©ment and Mamalet, Franck and Garcia, Christophe},
  biburl = {https://www.bibsonomy.org/bibtex/252ef79c9dca480df9d5853efaf5d1f81/dblp},
  booktitle = {VISAPP (1)},
  editor = {Braz, Jos\'e and Battiato, Sebastiano and Imai, Francisco H.},
  pages = {84-91},
  publisher = {SciTePress},
  timestamp = {2015-08-08T11:33:40.000+0200},
  title = {A Comparison between Multi-Layer Perceptrons and Convolutional Neural Networks for Text Image Super-Resolution.},  
  year = 2015
}

@incollection{LeCun1998,
 author = {LeCun, Yann and Bengio, Yoshua},
 chapter = {Convolutional Networks for Images, Speech, and Time Series},
 booktitle = {The Handbook of Brain Theory and Neural Networks},
 editor = {Arbib, Michael A.},
 year = {1998},
 pages = {255--258},
 numpages = {4},
 url = {http://dl.acm.org/citation.cfm?id=303568.303704},
 acmid = {303704},
 publisher = {MIT Press},
 address = {Cambridge, MA, USA},
}

@inproceedings{LeCun1998b,
 author = {LeCun, Yann and Bottou, L{\'e}on and Orr, Genevieve B. and M\"{u}ller, Klaus-Robert},
 title = {Efficient BackProp},
 booktitle = {Neural Networks: Tricks of the Trade, This Book is an Outgrowth of a 1996 NIPS Workshop},
 year = {1998},
 isbn = {3-540-65311-2},
 pages = {9--50},
 numpages = {42},
 url = {http://dl.acm.org/citation.cfm?id=645754.668382},
 acmid = {668382},
 publisher = {Springer-Verlag},
 address = {London, UK, UK},
} 

@ARTICLE{veryDeep2014,
   author = {{Simonyan}, K. and {Zisserman}, A.},
    title = "{Very Deep Convolutional Networks for Large-Scale Image Recognition}",
  journal = {ArXiv e-prints},
archivePrefix = "arXiv",
   eprint = {1409.1556},
 primaryClass = "cs.CV",
 keywords = {Computer Science - Computer Vision and Pattern Recognition},
     year = 2014,
    month = sep,
   adsurl = {http://adsabs.harvard.edu/abs/2014arXiv1409.1556S},
  adsnote = {Provided by the SAO/NASA Astrophysics Data System}
}

@ARTICLE{Overview2014,
   author = {{Schmidhuber}, J.},
    title = "{Deep Learning in Neural Networks: An Overview}",
  journal = {ArXiv e-prints},
archivePrefix = "arXiv",
   eprint = {1404.7828},
 keywords = {Computer Science - Neural and Evolutionary Computing, Computer Science - Learning},
     year = 2014,
    month = apr,
   adsurl = {http://adsabs.harvard.edu/abs/2014arXiv1404.7828S},
  adsnote = {Provided by the SAO/NASA Astrophysics Data System}
}

@incollection{Rumelhart1988,
 author = {Rumelhart, David E. and Hinton, Geoffrey E. and Williams, Ronald J.},
 chapter = {Learning Representations by Back-propagating Errors},
 title = {Neurocomputing: Foundations of Research},
 editor = {Anderson, James A. and Rosenfeld, Edward},
 year = {1988},
 isbn = {0-262-01097-6},
 pages = {696--699},
 numpages = {4},
 url = {http://dl.acm.org/citation.cfm?id=65669.104451},
 acmid = {104451},
 publisher = {MIT Press},
 address = {Cambridge, MA, USA},
} 

@ARTICLE{carroll08,
   author = {{Carroll}, T.~A. and {Kopf}, M.},
    title = "{Zeeman-tomography of the solar photosphere. Three-dimensional surface structures retrieved from Hinode observations}",
  journal = {\aap},
archivePrefix = "arXiv",
   eprint = {0803.1048},
 keywords = {radiative transfer, polarization, line: formation, line: profiles, Sun: photosphere, Sun: magnetic fields},
     year = 2008,
    month = apr,
   volume = 481,
    pages = {L37-L40},
      doi = {10.1051/0004-6361:20079197},
   adsurl = {http://adsabs.harvard.edu/abs/2008A%26A...481L..37C},
  adsnote = {Provided by the SAO/NASA Astrophysics Data System}
}

@ARTICLE{socas05,
   author = {{Socas-Navarro}, H.},
    title = "{Strategies for Spectral Profile Inversion Using Artificial Neural Networks}",
  journal = {\apj},
   eprint = {astro-ph/0410567},
 keywords = {Line: Profiles, Methods: Data Analysis, Methods: Numerical, Stars: Atmospheres, Sun: Atmosphere},
     year = 2005,
    month = mar,
   volume = 621,
    pages = {545-553},
      doi = {10.1086/427431},
   adsurl = {http://adsabs.harvard.edu/abs/2005ApJ...621..545S},
  adsnote = {Provided by the SAO/NASA Astrophysics Data System}
}

@ARTICLE{asensio05,
   author = {{Asensio Ramos}, A. and {Socas-Navarro}, H.},
    title = "{An artificial neural network approach to the solution of molecular chemical equilibrium}",
  journal = {\aap},
   eprint = {astro-ph/0505322},
 keywords = {molecular processes, astrochemistry, methods: numerical},
     year = 2005,
    month = aug,
   volume = 438,
    pages = {1021-1028},
      doi = {10.1051/0004-6361:20052865},
   adsurl = {http://adsabs.harvard.edu/abs/2005A%26A...438.1021A},
  adsnote = {Provided by the SAO/NASA Astrophysics Data System}
}

@ARTICLE{colak08,
   author = {{Colak}, T. and {Qahwaji}, R.},
    title = "{Automated McIntosh-Based Classification of Sunspot Groups Using MDI Images}",
  journal = {\solphys},
     year = 2008,
    month = apr,
   volume = 248,
    pages = {277-296},
      doi = {10.1007/s11207-007-9094-3},
   adsurl = {http://adsabs.harvard.edu/abs/2008SoPh..248..277C},
  adsnote = {Provided by the SAO/NASA Astrophysics Data System}
}

@ARTICLE{schawinski17,
   author = {{Schawinski}, K. and {Zhang}, C. and {Zhang}, H. and {Fowler}, L. and 
	{Santhanam}, G.~K.},
    title = "{Generative adversarial networks recover features in astrophysical images of galaxies beyond the deconvolution limit}",
  journal = {\mnras},
archivePrefix = "arXiv",
   eprint = {1702.00403},
 primaryClass = "astro-ph.IM",
 keywords = {methods: data analysis, techniques: image processing, galaxies: general},
     year = 2017,
    month = may,
   volume = 467,
    pages = {L110-L114},
      doi = {10.1093/mnrasl/slx008},
   adsurl = {http://adsabs.harvard.edu/abs/2017MNRAS.467L.110S},
  adsnote = {Provided by the SAO/NASA Astrophysics Data System}
}

@ARTICLE{Ciuca17,
   author = {{Ciuca}, R. and {Hern{\'a}ndez}, O.~F. and {Wolman}, M.},
    title = "{A Convolutional Neural Network For Cosmic String Detection in CMB Temperature Maps}",
  journal = {ArXiv e-prints},
archivePrefix = "arXiv",
   eprint = {1708.08878},
 keywords = {Astrophysics - Cosmology and Nongalactic Astrophysics, General Relativity and Quantum Cosmology, High Energy Physics - Phenomenology, High Energy Physics - Theory},
     year = 2017,
    month = aug,
   adsurl = {http://adsabs.harvard.edu/abs/2017arXiv170808878C},
  adsnote = {Provided by the SAO/NASA Astrophysics Data System}
}

@ARTICLE{Bello2009,
   author = {{Bello Gonz{\'a}lez}, N. and {Yelles Chaouche}, L. and {Okunev}, O. and 
	{Kneer}, F.},
    title = "{Dynamics of small-scale magnetic fields on the Sun: observations and numerical simulations}",
  journal = {\aap},
 keywords = {Sun: magnetic fields, techniques: high angular resolution, techniques: polarimetric, methods: numerical, methods: observational},
     year = 2009,
    month = feb,
   volume = 494,
    pages = {1091-1106},
      doi = {10.1051/0004-6361:200810448},
   adsurl = {http://adsabs.harvard.edu/abs/2009A%26A...494.1091B},
  adsnote = {Provided by the SAO/NASA Astrophysics Data System}
}

@ARTICLE{Kosugi2007,
   author = {{Kosugi}, T. and {Matsuzaki}, K. and {Sakao}, T. and {Shimizu}, T. and 
	{Sone}, Y. and {Tachikawa}, S. and {Hashimoto}, T. and {Minesugi}, K. and 
	{Ohnishi}, A. and {Yamada}, T. and {Tsuneta}, S. and {Hara}, H. and 
	{Ichimoto}, K. and {Suematsu}, Y. and {Shimojo}, M. and {Watanabe}, T. and 
	{Shimada}, S. and {Davis}, J.~M. and {Hill}, L.~D. and {Owens}, J.~K. and 
	{Title}, A.~M. and {Culhane}, J.~L. and {Harra}, L.~K. and {Doschek}, G.~A. and 
	{Golub}, L.},
    title = "{The Hinode (Solar-B) Mission: An Overview}",
  journal = {\solphys},
     year = 2007,
    month = jun,
   volume = 243,
    pages = {3-17},
      doi = {10.1007/s11207-007-9014-6},
   adsurl = {http://adsabs.harvard.edu/abs/2007SoPh..243....3K},
  adsnote = {Provided by the SAO/NASA Astrophysics Data System}
}

@ARTICLE{Lites2013,
   author = {{Lites}, B.~W. and {Akin}, D.~L. and {Card}, G. and {Cruz}, T. and 
	{Duncan}, D.~W. and {Edwards}, C.~G. and {Elmore}, D.~F. and 
	{Hoffmann}, C. and {Katsukawa}, Y. and {Katz}, N. and {Kubo}, M. and 
	{Ichimoto}, K. and {Shimizu}, T. and {Shine}, R.~A. and {Streander}, K.~V. and 
	{Suematsu}, A. and {Tarbell}, T.~D. and {Title}, A.~M. and {Tsuneta}, S.
	},
    title = "{The Hinode Spectro-Polarimeter}",
  journal = {\solphys},
 keywords = {Instrumentation and data management, Polarization, optical},
     year = 2013,
    month = apr,
   volume = 283,
    pages = {579-599},
      doi = {10.1007/s11207-012-0206-3},
   adsurl = {http://adsabs.harvard.edu/abs/2013SoPh..283..579L},
  adsnote = {Provided by the SAO/NASA Astrophysics Data System}
}

@article{
    sir92,
    author = "{Ruiz Cobo}, B. and {del Toro Iniesta}, J. C.",
    journal = "ApJ",
    volume = "398",
    year = "1992",
    pages = "375",
    localfile = "{/scratch/PAPERS/1992ApJ...398..375R.pdf}"
}

@article{
    vannoort12,
    author = "{van Noort}, M.",
    doi = "10.1051/0004-6361/201220220",
    title = "{Spatially coupled inversion of spectro-polarimetric image data. I. Method and first results}",
    journal = "A\&A",
    adsnote = "Provided by the SAO/NASA Astrophysics Data System",
    month = "December",
    volume = "548",
    eprint = "1210.4636",
    eid = "A5",
    primaryclass = "astro-ph.IM",
    year = "2012",
    keywords = "techniques: imaging spectroscopy, techniques: polarimetric, methods: data analysis, methods: numerical",
    archiveprefix = "arXiv",
    pages = "A5",
    localfile = "{/scratch/PAPERS/2012A&A...548...A5v.pdf}",
    adsurl = "http://adsabs.harvard.edu/abs/2012A%26A...548A...5V"
}

@ARTICLE{DeepMFBD18,
       author = {{Asensio Ramos}, A. and {de la Cruz Rodr{\'\i}guez}, J. and {Pastor
        Yabar}, A.},
        title = "{Real-time, multiframe, blind deconvolution of solar images}",
      journal = {\aap},
     keywords = {techniques: image processing, methods: data analysis, Sun: atmosphere, Astrophysics - Solar and Stellar Astrophysics, Astrophysics - Instrumentation and Methods for Astrophysics},
         year = 2018,
        month = Dec,
       volume = {620},
          eid = {A73},
        pages = {A73},
          doi = {10.1051/0004-6361/201833648},
archivePrefix = {arXiv},
       eprint = {1806.07150},
 primaryClass = {astro-ph.SR},
       adsurl = {https://ui.adsabs.harvard.edu/\#abs/2018A&A...620A..73A},
      adsnote = {Provided by the SAO/NASA Astrophysics Data System}
}

@ARTICLE{Enhance18,
       author = {{D{\'\i}az Baso}, C.~J. and {Asensio Ramos}, A.},
        title = "{Enhancing SDO/HMI images using deep learning}",
      journal = {\aap},
     keywords = {techniques: image processing, Sun: magnetic fields, methods: data analysis, Astrophysics - Solar and Stellar Astrophysics, Astrophysics - Instrumentation and Methods for Astrophysics, Computer Science - Computer Vision and Pattern Recognition},
         year = 2018,
        month = Jun,
       volume = {614},
          eid = {A5},
        pages = {A5},
          doi = {10.1051/0004-6361/201731344},
archivePrefix = {arXiv},
       eprint = {1706.02933},
 primaryClass = {astro-ph.SR},
       adsurl = {https://ui.adsabs.harvard.edu/\#abs/2018A&A...614A...5D},
      adsnote = {Provided by the SAO/NASA Astrophysics Data System}
}

@ARTICLE{Illarionov18,
       author = {{Illarionov}, Egor A. and {Tlatov}, Andrey G.},
        title = "{Segmentation of coronal holes in solar disc images with a convolutional neural network}",
      journal = {\mnras},
     keywords = {methods: data analysis, techniques: image processing, Sun: corona, solar wind, Astrophysics - Solar and Stellar Astrophysics},
         year = 2018,
        month = Dec,
       volume = {481},
        pages = {5014-5021},
          doi = {10.1093/mnras/sty2628},
archivePrefix = {arXiv},
       eprint = {1809.05748},
 primaryClass = {astro-ph.SR},
       adsurl = {https://ui.adsabs.harvard.edu/\#abs/2018MNRAS.481.5014I},
      adsnote = {Provided by the SAO/NASA Astrophysics Data System}
}

@ARTICLE{socas_nn_05,
       author = {{Socas-Navarro}, H.},
        title = "{Strategies for Spectral Profile Inversion Using Artificial Neural Networks}",
      journal = {\apj},
     keywords = {Line: Profiles, Methods: Data Analysis, Methods: Numerical, Stars: Atmospheres, Sun: Atmosphere, Astrophysics},
         year = 2005,
        month = Mar,
       volume = {621},
        pages = {545-553},
          doi = {10.1086/427431},
archivePrefix = {arXiv},
       eprint = {astro-ph/0410567},
 primaryClass = {astro-ph},
       adsurl = {https://ui.adsabs.harvard.edu/\#abs/2005ApJ...621..545S},
      adsnote = {Provided by the SAO/NASA Astrophysics Data System}
}

@ARTICLE{socas_nn_03,
       author = {{Socas-Navarro}, H.},
        title = "{Measuring Solar Magnetic Fields with Artificial Neural Networks}",
      journal = {Neural Networks},
     keywords = {Stokes profiles, Polarimeters, Principal component analysis},
         year = 2003,
        month = Apr,
       volume = {16},
        pages = {355},
       adsurl = {https://ui.adsabs.harvard.edu/\#abs/2003NN.....16..355S},
      adsnote = {Provided by the SAO/NASA Astrophysics Data System}
}

@ARTICLE{Rempel12,
       author = {{Rempel}, M.},
        title = "{Numerical Sunspot Models: Robustness of Photospheric Velocity and Magnetic Field Structure}",
      journal = {\apj},
     keywords = {convection, magnetohydrodynamics: MHD, radiative transfer, sunspots, Astrophysics - Solar and Stellar Astrophysics},
         year = 2012,
        month = May,
       volume = {750},
          eid = {62},
        pages = {62},
          doi = {10.1088/0004-637X/750/1/62},
archivePrefix = {arXiv},
       eprint = {1203.0534},
 primaryClass = {astro-ph.SR},
       adsurl = {https://ui.adsabs.harvard.edu/\#abs/2012ApJ...750...62R},
      adsnote = {Provided by the SAO/NASA Astrophysics Data System}
}

@ARTICLE{Cheung10,
       author = {{Cheung}, M.~C.~M. and {Rempel}, M. and {Title}, A.~M. and
        {Sch{\"u}ssler}, M.},
        title = "{Simulation of the Formation of a Solar Active Region}",
      journal = {\apj},
     keywords = {convection, magnetohydrodynamics: MHD, radiative transfer, Sun: atmosphere, Sun: photosphere, Sun: surface magnetism, sunspots, Astrophysics - Solar and Stellar Astrophysics, Physics - Fluid Dynamics, Physics - Plasma Physics, Physics - Space Physics},
         year = 2010,
        month = Sep,
       volume = {720},
        pages = {233-244},
          doi = {10.1088/0004-637X/720/1/233},
archivePrefix = {arXiv},
       eprint = {1006.4117},
 primaryClass = {astro-ph.SR},
       adsurl = {https://ui.adsabs.harvard.edu/\#abs/2010ApJ...720..233C},
      adsnote = {Provided by the SAO/NASA Astrophysics Data System}
}


@ARTICLE{Uitenbroek11,
       author = {{Uitenbroek}, Han and {Criscuoli}, Serena},
        title = "{Why One-dimensional Models Fail in the Diagnosis of Average Spectra from Inhomogeneous Stellar Atmospheres}",
      journal = {\apj},
     keywords = {line: formation, radiative transfer, stars: atmospheres, Sun: granulation, Astrophysics - Solar and Stellar Astrophysics},
         year = 2011,
        month = Jul,
       volume = {736},
          eid = {69},
        pages = {69},
          doi = {10.1088/0004-637X/736/1/69},
archivePrefix = {arXiv},
       eprint = {1101.2643},
 primaryClass = {astro-ph.SR},
       adsurl = {https://ui.adsabs.harvard.edu/\#abs/2011ApJ...736...69U},
      adsnote = {Provided by the SAO/NASA Astrophysics Data System}
}

@inproceedings{batchnormalization15,
 author = {Ioffe, S. and Szegedy, C.},
 title = {Batch Normalization: Accelerating Deep Network Training by Reducing Internal Covariate Shift},
 booktitle = {Proceedings of the 32Nd International Conference on International Conference on Machine Learning - Volume 37},
 series = {ICML'15},
 year = {2015},
 location = {Lille, France},
 pages = {448--456},
 numpages = {9}
}

@ARTICLE{Puschmann10,
       author = {{Puschmann}, K.~G. and {Ruiz Cobo}, B. and {Mart{\'\i}nez Pillet}, V.},
        title = "{A Geometrical Height Scale for Sunspot Penumbrae}",
      journal = {\apj},
     keywords = {methods: numerical, polarization, radiative transfer, sunspots, Astrophysics - Solar and Stellar Astrophysics},
         year = 2010,
        month = Sep,
       volume = {720},
        pages = {1417-1431},
          doi = {10.1088/0004-637X/720/2/1417},
archivePrefix = {arXiv},
       eprint = {1007.2779},
 primaryClass = {astro-ph.SR},
       adsurl = {https://ui.adsabs.harvard.edu/\#abs/2010ApJ...720.1417P},
      adsnote = {Provided by the SAO/NASA Astrophysics Data System}
}

@ARTICLE{Loptien18,
       author = {{L{\"o}ptien}, B. and {Lagg}, A. and {van Noort}, M. and {Solanki},
        S.~K.},
        title = "{Measuring the Wilson depression of sunspots using the divergence-free condition of the magnetic field vector}",
      journal = {\aap},
     keywords = {Sun: photosphere, sunspots, Sun: magnetic fields, Astrophysics - Solar and Stellar Astrophysics},
         year = 2018,
        month = Nov,
       volume = {619},
          eid = {A42},
        pages = {A42},
          doi = {10.1051/0004-6361/201833571},
archivePrefix = {arXiv},
       eprint = {1808.06867},
 primaryClass = {astro-ph.SR},
       adsurl = {https://ui.adsabs.harvard.edu/\#abs/2018A&A...619A..42L},
      adsnote = {Provided by the SAO/NASA Astrophysics Data System}
}

@book{landi_landolfi04,
        year={2004},
        author={{Landi Degl'Innocenti}, E.
            and {Landolfi}, M.},
        title={Polarization in Spectral Lines},
        editor={},
        volume={},
        pages={},
        note={},
        publisher={Kluwer Academic Publishers},
        address={}
        }
        
@ARTICLE{socas_navarro_2015,
       author = {{Socas-Navarro}, H. and {de la Cruz Rodr{\'\i}guez}, J. and {Asensio
        Ramos}, A. and {Trujillo Bueno}, J. and {Ruiz Cobo}, B.},
        title = "{An open-source, massively parallel code for non-LTE synthesis and inversion of spectral lines and Zeeman-induced Stokes profiles}",
      journal = {\aap},
     keywords = {radiative transfer, Sun: chromosphere, Sun: photosphere, Sun: magnetic fields, polarization, Sun: abundances, Astrophysics - Solar and Stellar Astrophysics},
         year = 2015,
        month = May,
       volume = {577},
          eid = {A7},
        pages = {A7},
          doi = {10.1051/0004-6361/201424860},
archivePrefix = {arXiv},
       eprint = {1408.6101},
 primaryClass = {astro-ph.SR},
       adsurl = {https://ui.adsabs.harvard.edu/\#abs/2015A&A...577A...7S},
      adsnote = {Provided by the SAO/NASA Astrophysics Data System}
}

@ARTICLE{Auer1977,
       author = {{Auer}, L.~H. and {Heasley}, J.~N. and {House}, L.~L.},
        title = "{The determination of vector magnetic fields from Stokes profiles.}",
      journal = {\solphys},
     keywords = {Solar Magnetic Field, Solar Physics, Circular Polarization, Light Scattering, Magnetic Field Configurations, Magneto-Optics, Spectrum Analysis, Vector Spaces, Solar Physics, Solar Magnetic Fields},
         year = 1977,
        month = Nov,
       volume = {55},
        pages = {47-61},
          doi = {10.1007/BF00150873},
       adsurl = {https://ui.adsabs.harvard.edu/\#abs/1977SoPh...55...47A},
      adsnote = {Provided by the SAO/NASA Astrophysics Data System}
}

@ARTICLE{Lagg2004,
       author = {{Lagg}, A. and {Woch}, J. and {Krupp}, N. and {Solanki}, S.~K.},
        title = "{Retrieval of the full magnetic vector with the He I multiplet at 1083 nm. Maps of an emerging flux region}",
      journal = {\aap},
     keywords = {techniques: polarimetric, methods: data analysis, Sun: chromosphere, Sun: infrared, Sun: magnetic field},
         year = 2004,
        month = Feb,
       volume = {414},
        pages = {1109-1120},
          doi = {10.1051/0004-6361:20031643},
       adsurl = {https://ui.adsabs.harvard.edu/\#abs/2004A&A...414.1109L},
      adsnote = {Provided by the SAO/NASA Astrophysics Data System}
}

@ARTICLE{Borrero2011,
       author = {{Borrero}, J.~M. and {Tomczyk}, S. and {Kubo}, M. and {Socas-Navarro},
        H. and {Schou}, J. and {Couvidat}, S. and {Bogart}, R.},
        title = "{VFISV: Very Fast Inversion of the Stokes Vector for the Helioseismic and Magnetic Imager}",
      journal = {\solphys},
     keywords = {Magnetic Fields, Photosphere, Astrophysics - Instrumentation and Methods for Astrophysics, Astrophysics - Solar and Stellar Astrophysics},
         year = 2011,
        month = Oct,
       volume = {273},
        pages = {267-293},
          doi = {10.1007/s11207-010-9515-6},
archivePrefix = {arXiv},
       eprint = {0901.2702},
 primaryClass = {astro-ph.IM},
       adsurl = {https://ui.adsabs.harvard.edu/\#abs/2011SoPh..273..267B},
      adsnote = {Provided by the SAO/NASA Astrophysics Data System}
}

@ARTICLE{Frutiger2000,
       author = {{Frutiger}, C. and {Solanki}, S.~K. and {Fligge}, M. and {Bruls},
        J.~H.~M.~J.},
        title = "{Properties of the solar granulation obtained from the inversion of low spatial resolution spectra}",
      journal = {\aap},
     keywords = {LINE: PROFILES, RADIATIVE TRANSFER, SUN: GRANULATION, SUN: PHOTOSPHERE},
         year = 2000,
        month = Jun,
       volume = {358},
        pages = {1109-1121},
       adsurl = {https://ui.adsabs.harvard.edu/\#abs/2000A&A...358.1109F},
      adsnote = {Provided by the SAO/NASA Astrophysics Data System}
}

@ARTICLE{Riethmuller2017,
       author = {{Riethm{\"u}ller}, T.~L. and {Solanki}, S.~K. and {Barthol}, P. and
        {Gandorfer}, A. and {Gizon}, L. and {Hirzberger}, J. and {van
        Noort}, M. and {Blanco Rodr{\'\i}guez}, J. and {Del Toro
        Iniesta}, J.~C. and {Orozco Su{\'a}rez}, D. and {Schmidt}, W.
        and {Mart{\'\i}nez Pillet}, V. and {Kn{\"o}lker}, M.},
        title = "{A New MHD-assisted Stokes Inversion Technique}",
      journal = {The Astrophysical Journal Supplement Series},
     keywords = {magnetohydrodynamics: MHD, Sun: magnetic fields, Sun: photosphere, techniques: polarimetric, techniques: spectroscopic, Astrophysics - Solar and Stellar Astrophysics},
         year = 2017,
        month = Mar,
       volume = {229},
          eid = {16},
        pages = {16},
          doi = {10.3847/1538-4365/aa5830},
archivePrefix = {arXiv},
       eprint = {1611.05175},
 primaryClass = {astro-ph.SR},
       adsurl = {https://ui.adsabs.harvard.edu/\#abs/2017ApJS..229...16R},
      adsnote = {Provided by the SAO/NASA Astrophysics Data System}
}

@ARTICLE{NovemberSimon_1988,
       author = {{November}, Laurence J. and {Simon}, George W.},
        title = "{Precise Proper-Motion Measurement of Solar Granulation}",
      journal = {\apj},
     keywords = {Cross Correlation, Solar Atmosphere, Solar Granulation, Power Spectra, Random Noise, Spatial Resolution, Tracers, Solar Physics, SUN: ATMOSPHERIC MOTIONS, SUN: GRANULATION},
         year = 1988,
        month = Oct,
       volume = {333},
        pages = {427},
          doi = {10.1086/166758},
       adsurl = {https://ui.adsabs.harvard.edu/\#abs/1988ApJ...333..427N},
      adsnote = {Provided by the SAO/NASA Astrophysics Data System}
}

@book{Goodfellow2016,
    title={Deep Learning},
    author={Ian Goodfellow and Yoshua Bengio and Aaron Courville},
    publisher={MIT Press},
    note={\url{http://www.deeplearningbook.org}},
    year={2016}
}

@ARTICLE{Du2018,
       author = {{Du}, Simon S. and {Lee}, Jason D. and {Li}, Haochuan and {Wang}, Liwei
        and {Zhai}, Xiyu},
        title = "{Gradient Descent Finds Global Minima of Deep Neural Networks}",
      journal = {arXiv e-prints},
     keywords = {Computer Science - Machine Learning, Computer Science - Artificial Intelligence, Computer Science - Computer Vision and Pattern Recognition, Mathematics - Optimization and Control, Statistics - Machine Learning},
         year = 2018,
        month = Nov,
          eid = {arXiv:1811.03804},
        pages = {arXiv:1811.03804},
archivePrefix = {arXiv},
       eprint = {1811.03804},
 primaryClass = {cs.LG},
       adsurl = {https://ui.adsabs.harvard.edu/\#abs/2018arXiv181103804D},
      adsnote = {Provided by the SAO/NASA Astrophysics Data System}
}

@ARTICLE{osborne2019,
       author = {{Osborne}, Christopher M.~J. and {Armstrong}, John A. and {Fletcher},
        Lyndsay},
        title = "{RADYNVERSION: Learning to Invert a Solar Flare Atmosphere with Invertible Neural Networks}",
      journal = {arXiv e-prints},
     keywords = {Astrophysics - Solar and Stellar Astrophysics},
         year = 2019,
        month = Jan,
          eid = {arXiv:1901.08626},
        pages = {arXiv:1901.08626},
archivePrefix = {arXiv},
       eprint = {1901.08626},
 primaryClass = {astro-ph.SR},
       adsurl = {https://ui.adsabs.harvard.edu/\#abs/2019arXiv190108626O},
      adsnote = {Provided by the SAO/NASA Astrophysics Data System}
}

@ARTICLE{Ardizzone2018,
       author = {{Ardizzone}, Lynton and {Kruse}, Jakob and {Wirkert}, Sebastian and
        {Rahner}, Daniel and {Pellegrini}, Eric W. and {Klessen}, Ralf
        S. and {Maier-Hein}, Lena and {Rother}, Carsten and {K{\"o}the},
        Ullrich},
        title = "{Analyzing Inverse Problems with Invertible Neural Networks}",
      journal = {arXiv e-prints},
     keywords = {Computer Science - Machine Learning, Statistics - Machine Learning, 68T01},
         year = 2018,
        month = Aug,
          eid = {arXiv:1808.04730},
        pages = {arXiv:1808.04730},
archivePrefix = {arXiv},
       eprint = {1808.04730},
 primaryClass = {cs.LG},
       adsurl = {https://ui.adsabs.harvard.edu/\#abs/2018arXiv180804730A},
      adsnote = {Provided by the SAO/NASA Astrophysics Data System}
}

@INPROCEEDINGS{DKIST2012,
       author = {{Rimmele}, T.~R. and {Keil}, S. and {McMullin}, J. and {Kn{\"o}lker}, M.
        and {Kuhn}, J.~R. and {Goode}, P.~R. and {Rosner}, R. and
        {Casini}, R. and {Lin}, H. and {Tritschler}, A. and {W{\"o}ger},
        F. and {ATST Team}},
        title = "{Construction of the Advanced Technology Solar Telescope}",
    booktitle = {Second ATST-EAST Meeting: Magnetic Fields from the Photosphere to the Corona.},
         year = 2012,
       editor = {{Rimmele}, T.~R. and {Tritschler}, A. and {W{\"o}ger}, F. and {Collados
        Vera}, M. and {Socas-Navarro}, H. and {Schlichenmaier}, R. and
        {Carlsson}, M. and {Berger}, T. and {Cadavid}, A. and {Gilbert},
        P.~R. and {Goode}, P.~R. and {Kn{\"o}lker}, M.},
       series = {Astronomical Society of the Pacific Conference Series},
       volume = {463},
        month = Dec,
        pages = {377},
       adsurl = {https://ui.adsabs.harvard.edu/\#abs/2012ASPC..463..377R},
      adsnote = {Provided by the SAO/NASA Astrophysics Data System}
}

@ARTICLE{Asensio2008,
       author = {{Asensio Ramos}, A. and {Trujillo Bueno}, J. and {Landi Degl'Innocenti},
        E.},
        title = "{Advanced Forward Modeling and Inversion of Stokes Profiles Resulting from the Joint Action of the Hanle and Zeeman Effects}",
      journal = {\apj},
     keywords = {magnetic fields, methods: data analysis, methods: numerical, polarization, radiative transfer, scattering, Sun: chromosphere, Astrophysics},
         year = 2008,
        month = Aug,
       volume = {683},
        pages = {542-565},
          doi = {10.1086/589433},
archivePrefix = {arXiv},
       eprint = {0804.2695},
 primaryClass = {astro-ph},
       adsurl = {https://ui.adsabs.harvard.edu/\#abs/2008ApJ...683..542A},
      adsnote = {Provided by the SAO/NASA Astrophysics Data System}
}

@ARTICLE{Khomenko2007,
       author = {{Khomenko}, E. and {Collados}, M.},
        title = "{On the Stokes V Amplitude Ratio as an Indicator of the Field Strength in the Solar Internetwork}",
      journal = {\apj},
     keywords = {Magnetohydrodynamics: MHD, Polarization, Sun: Infrared, Sun: Magnetic Fields},
         year = "2007",
        month = "Apr",
       volume = {659},
        pages = {1726-1735},
          doi = {10.1086/512098},
       adsurl = {https://ui.adsabs.harvard.edu/\#abs/2007ApJ...659.1726K},
      adsnote = {Provided by the SAO/NASA Astrophysics Data System}
}

@article{
    candes06,
    author = "{Cand{\`e}s}, E. and {Romberg}, J. and {Tao}, T.",
    title = "{Stable Signal Recovery from Incomplete and Inaccurate Measurements}",
    journal = "Comm. Pure Appl. Math.",
    volume = "59",
    year = "2006",
    pages = "1207",
    localfile = "{/scratch/PAPERS/2006Comm. Pure Appl. Math...59.1207C.pdf}"
}

@ARTICLE{Felipe2016,
       author = {{Felipe}, T. and {Collados}, M. and {Khomenko}, E. and {Kuckein}, C. and
         {Asensio Ramos}, A. and {Balthasar}, H. and {Berkefeld}, T. and
         {Denker}, C. and {Feller}, A. and {Franz}, M. and {Hofmann}, A. and
         {Joshi}, J. and {Kiess}, C. and {Lagg}, A. and {Nicklas}, H. and
         {Orozco Su{\'a}rez}, D. and {Pastor Yabar}, A. and {Rezaei}, R. and
         {Schlichenmaier}, R. and {Schmidt}, D. and {Schmidt}, W. and
         {Sigwarth}, M. and {Sobotka}, M. and {Solanki}, S.~K. and {Soltau}, D. and
         {Staude}, J. and {Strassmeier}, K.~G. and {Volkmer}, R. and
         {von der L{\"u}he}, O. and {Waldmann}, T.},
        title = "{Three-dimensional structure of a sunspot light bridge}",
      journal = {\aap},
    year = "2016",
        month = "Nov",
       volume = {596},
          eid = {A59},
        pages = {A59},
          doi = {10.1051/0004-6361/201629586},
archivePrefix = {arXiv},
       eprint = {1611.04803},
 primaryClass = {astro-ph.SR},
       adsurl = {https://ui.adsabs.harvard.edu/\#abs/2016A&A...596A..59F},
      adsnote = {Provided by the SAO/NASA Astrophysics Data System}
}